@book{textbook,
  author    = {William Stallings},
  year      = {2017},
  title     = {Cryptography and Network Security: Principles and Practice},
  publisher = {Pearson Education},
  edition   = {7th},
  isbn      = {978-0-13-444428-4}
}

@misc{norvig,
  author       = {Peter Norvig},
  year         = {2012},
  title        = {English Letter Frequency Counts: Mayzner Revisited},
  howpublished = "\url{http://norvig.com/mayzner.html}"  
}